<record xmlns="http://www.loc.gov/MARC21/slim">
   <leader>01780cam a2200325 a 4500</leader>
   <controlfield tag="001">6804900</controlfield>
   <controlfield tag="003">OCoLC</controlfield>
   <controlfield tag="005">20150325143310.0</controlfield>
   <controlfield tag="008">140620s2015    flua     b    001 0 eng d</controlfield>
   <datafield ind1=" " ind2=" " tag="020">
      <subfield code="a">9781482207576</subfield>
   </datafield>
   <datafield ind1=" " ind2=" " tag="020">
      <subfield code="a">1482207575</subfield>
   </datafield>
   <datafield ind1=" " ind2=" " tag="035">
      <subfield code="a">ocn881612341</subfield>
   </datafield>
   <datafield ind1=" " ind2=" " tag="039">
      <subfield code="a">exclude</subfield>
   </datafield>
   <datafield ind1=" " ind2=" " tag="040">
      <subfield code="a">ERASA</subfield>
      <subfield code="b">eng</subfield>
      <subfield code="c">ERASA</subfield>
      <subfield code="d">BDX</subfield>
      <subfield code="d">YDXCP</subfield>
      <subfield code="d">BTCTA</subfield>
      <subfield code="d">OCLCO</subfield>
      <subfield code="d">AEU</subfield>
   </datafield>
   <datafield ind1=" " ind2=" " tag="043">
      <subfield code="a">e-uk-en</subfield>
   </datafield>
   <datafield ind1=" " ind2="4" tag="050">
      <subfield code="a">DA152</subfield>
      <subfield code="b">.I52 2015</subfield>
   </datafield>
   <datafield ind1="0" ind2="4" tag="082">
      <subfield code="a">942.01</subfield>
      <subfield code="2">23</subfield>
   </datafield>
   <datafield ind1=" " ind2=" " tag="090">
      <subfield code="a">DA152 .I52 2015</subfield>
      <subfield code="b">AEGMCT</subfield>
   </datafield>
   <datafield ind1="0" ind2="0" tag="245">
      <subfield code="a">In search of the Vikings :</subfield>
      <subfield code="b">interdisciplinary approaches to the Scandinavian heritage of North-West England /</subfield>
      <subfield code="c">edited by Stephen E. Harding, David Griffiths, Elizabeth Royles.</subfield>
   </datafield>
   <datafield ind1=" " ind2=" " tag="260">
      <subfield code="a">Boca Raton, FL :</subfield>
      <subfield code="b">CRC Press,</subfield>
      <subfield code="c">c2015.</subfield>
   </datafield>
   <datafield ind1=" " ind2=" " tag="300">
      <subfield code="a">xi, 193 p. :</subfield>
      <subfield code="b">ill. (some col.) ;</subfield>
      <subfield code="c">26 cm</subfield>
   </datafield>
   <datafield ind1=" " ind2=" " tag="504">
      <subfield code="a">Includes bibliographical references and index.</subfield>
   </datafield>
   <datafield ind1="8" ind2=" " tag="520">
      <subfield code="a">The Vikings were one of the most adventurous and vibrant of peoples. To find out in as detailed way as possible where they visited, traded, raided, and settled has increasingly required a multidisciplinary approach, stretching across a wide spectrum of expertise from the arts and sciences. This book comprises a collection of papers from experts from a broad range of disciplines and shows how a wide variety of approaches based on historical, archaeological, place-name, linguistic, physical, and genetic tools can collectively provide a detailed understanding of the Vikings in peace and in war.</subfield>
   </datafield>
   <datafield ind1=" " ind2=" " tag="596">
      <subfield code="a">29</subfield>
   </datafield>
   <datafield ind1=" " ind2="0" tag="650">
      <subfield code="a">Vikings</subfield>
      <subfield code="z">England.</subfield>
   </datafield>
   <datafield ind1="1" ind2=" " tag="700">
      <subfield code="a">Harding, S. E.</subfield>
      <subfield code="q">(Stephen E.)</subfield>
   </datafield>
   <datafield ind1="1" ind2=" " tag="700">
      <subfield code="a">Griffiths, David.</subfield>
   </datafield>
   <datafield ind1="1" ind2=" " tag="700">
      <subfield code="a">Royles, Elizabeth.</subfield>
   </datafield>
   <datafield ind1=" " ind2=" " tag="949">
      <subfield code="a">DA152 .I52 2015</subfield>
      <subfield code="h">GMCT-OS-B</subfield>
      <subfield code="i">1007407651</subfield>
      <subfield code="p">60.66</subfield>
      <subfield code="k">AVAIL_SOON</subfield>
   </datafield>
   <datafield ind1=" " ind2=" " tag="926">
      <subfield code="a">DA152 .I52 2015</subfield>
      <subfield code="w">LC</subfield>
      <subfield code="c">1</subfield>
      <subfield code="i">1007407651</subfield>
      <subfield code="d">4/14/2015</subfield>
      <subfield code="l">ON_SHELF</subfield>
      <subfield code="m">GR_MACEWAN</subfield>
      <subfield code="p">$60.66</subfield>
      <subfield code="r">Y</subfield>
      <subfield code="s">Y</subfield>
      <subfield code="t">BOOK</subfield>
      <subfield code="u">3/31/2015</subfield>
   </datafield>
</record>
